<?xml version="1.0" encoding="utf-8" standalone="no"?>
<!DOCTYPE Archive SYSTEM "http://greenstone.org/dtd/Archive/1.0/Archive.dtd">
<Archive>
<Section>
  <Description>
    <Metadata name="gsdlsourcefilename">import\advbeat_small\marc\locbeatles50.marc</Metadata>
    <Metadata name="gsdldoctype">indexed_doc</Metadata>
    <Metadata name="Language">en</Metadata>
    <Metadata name="Encoding">iso_8859_1</Metadata>
    <Metadata name="Source">locbeatles50.marc</Metadata>
    <Metadata name="SourceFile">locbeatles50.marc</Metadata>
    <Metadata name="SourceSegment">15</Metadata>
    <Metadata name="Plugin">MARCPlugin</Metadata>
    <Metadata name="dc.Format">MARC</Metadata>
    <Metadata name="FileFormat">MARC</Metadata>
    <Metadata name="dc.Title">Beatles live. Vol. 2 &amp;#091;sound recording&amp;#093;.</Metadata>
    <Metadata name="dc.Publisher">Minneapolis, MN :</Metadata>
    <Metadata name="dc.Publisher">Pickwick,</Metadata>
    <Metadata name="dc.Date">p1978.</Metadata>
    <Metadata name="dc.Description">Brief record.</Metadata>
    <Metadata name="dc.Description">Ain't nothing shakin' -- Everybody's trying to be my baby -- Matchbox -- Talkin' 'bout you -- Long tall Sally -- Little Queenie -- Red sails in the sunset -- To know her is to love her -- Shimmy shake -- I remember you -- Kansas City ; Hey hey hey hey -- Roll over Beethoven.</Metadata>
    <Metadata name="dc.Description">Performed by the Beatles.</Metadata>
    <Metadata name="dc.Subject">Rock music 1961-1970.</Metadata>
    <Metadata name="dc.Creator">Beatles. prf</Metadata>
    <Metadata name="Identifier">HASH7c575f57a57cfb45ab0033s15</Metadata>
    <Metadata name="lastmodified">1652351099</Metadata>
    <Metadata name="lastmodifieddate">20220512</Metadata>
    <Metadata name="oailastmodified">1652361745</Metadata>
    <Metadata name="oailastmodifieddate">20220512</Metadata>
    <Metadata name="assocfilepath">HASH7c57/5f57a57c/fb45ab00/33s15.dir</Metadata>
  </Description>
  <Content>&lt;pre&gt;
 LDR 01134njm  22003017a 4500
001     5750765
005     19950216074310.2
007     sdubsmennmpluu
008     950215s1978    mnuuun              eng  
035    _9 (DLC)   95775622
906    _a 7
       _b cbc
       _c orignew
       _d 3
       _e ncip
       _f 19
       _g y-genmusic
955    _a vn31
010    _a    95775622 
028 00 _a BAN-90061
       _b Pickwick
035    _a (OCoLC)31995250 
040    _a DLC
       _c DLC
050 00 _a Pickwick BAN-90061
245 00 _a Beatles live.
       _n Vol. 2
       _h [sound recording].
260    _a Minneapolis, MN :
       _b Pickwick,
       _c p1978.
300    _a 1 sound disc :
       _b analog, 33 1/3 rpm, stereo. ;
       _c 12 in.
511 0  _a Performed by the Beatles.
505 0  _a Ain't nothing shakin' -- Everybody's trying to be my baby
 -- Matchbox -- Talkin' 'bout you -- Long tall Sally -- Little
 Queenie -- Red sails in the sunset -- To know her is to love
 her -- Shimmy shake -- I remember you -- Kansas City ; Hey hey
 hey hey -- Roll over Beethoven.
500    _a Brief record.
650  0 _a Rock music
       _y 1961-1970.
710 2  _a Beatles.
       _4 prf
953    _a TA28
985    _a 9502
991    _b c-RecSound
       _h Pickwick BAN-90061
       _w MUSIC
&lt;/pre&gt;
</Content>
</Section>
</Archive>
